 
% ksiazka
@Book{bib:ksiazka,
  Title                    = {Tytu{\l} ksi{\k{a}}{\.{z}}ki},
  Author                   = {Imi{\k{e}} Nazwisko and Imi{\k{e}} Nazwisko},
  Publisher                = {Wydawnictwo},
  Year                     = {2017},
  Address                  = {Warszawa},
  ISBN                     = {83-204-3229-9-434}
}

% artykul w czasopismie
@Article{bib:artykul,
  Title                    = {Tytu{\l} artyku{\l}u w czasopi{\'{s}}mie},
  Author                   = {Nazwisko, Imi{\k{e}} and Imi{\k{e}} Nazwisko},
  Journal                  = {Tytu{\l} czasopisma},
  Year                     = {2016},
  Number                   = {8},
  Pages                    = {1092--1113},
  Volume                   = {157}
}

% artykul konferencyjny
@InProceedings{bib:konferencja,
  Title                    = {Tytu{\l} artyku{\l}u konferencyjnego},
  Author                   = {Imi{\k{e}} Nazwisko and Nazwisko, Imi{\k{e}} and Imi{\k{e}} I. Nazwisko},
  Booktitle                = {Nazwa konferecji},
  Year                     = {2006}, 
  Pages                    = {5346--5349}
}
 


@Book{bib:blender,
  Title                    = {Modeling and Animation Using Blender},
  Author                   = {Ezra Thess and Mendoza Guevarra},
  Publisher                = {Apress},
  Year                     = {2019}
}

@Book{bib:gimp,
  Title                    = {Beginning GIMP: From Novice to Professional},
  Author                   = {Akkana Peck},
  Publisher                = {Apress},
  Year                     = {2006}
}
 
@Book{ogl_guide,
  Title                     ={OpenGL Programming Guide: The Official Guide to Learning OpenGL, Version 4.5 with SPIR-V},
  Author                    ={John Kessenich and Graham  Sellers and Dave Shreiner},
  Year                      ={2016},
  Publisher                 ={Addison-Wesley Professional}
}

@Book{game_programming_gems5,
    Title                   ={Game Programming Gems 5},
    Author                  ={Kim Pallister},
    Year                    ={2005},
    Publisher               ={Charles River Medi}
}

@Book{bib:superbible,
    Title                   ={OpenGL SuperBible: Comprehensive Tutorial and Reference, 4th Edition},
    Author                  ={Richard S. Wright and Benjamin Lipchak and Nicholas Haemel},
    Year                    ={2007},
    Publisher               ={Addison-Wesley Professional}
}

@Book{bib:opengl_insights,
  Title                    = {OpenGL Insights},
  Author                   = {Patrick Cozzi, Christophe Riccio},
  Publisher                = {CRC Press},
  Year                     = {2012},
  ISBN                     = {978-1439893760}
}

@Book{bib:top-down,
  Title                    = {Interactive Computer Graphics: A Top-Down Approach with Shader-Based OpenGL, 6th Edition},
  Author                   = {Edward Angel and Dave Shreiner},
  Publisher                = {Pearson},
  Year                     = {2012},
  ISBN                     = {9780132545235}
}

@InProceedings{bib:game_dev_conference,
  Title                    = {OpenGL Performance Tuning},
  Author                   = {John Spitzer},
  Booktitle                = {Game Developer Conference},
  Year                     = {2003}
}

@InProceedings{bib:hoppe,
  Title                     ={Progressive meshes},
  Author                    ={Hugues Hoppe},
  Booktitle                 ={SIGGRAPH '96},
  Year                      ={1996}
}

@article{trapp,
    Title =         {OpenGL-Performance and Bottlenecks},
    Author =        {Matthias Trapp},
    Journal =       {Hasso Plattner Institut-Universit{\"a}t Potsdam},
    Year =          {2004}
}

@Book{backface_culling,
    Title                   ={3D Game Engine Design: A Practical Approach to Real-Time Computer Graphics},
    Author                  ={David H. Eberly},
    Year                    ={2006},
    Publisher               ={Morgan Kaufmann}
}

@Book{lod,
    Title                   ={Level of detail for 3D graphics},
    Author                  ={David Luebke and Martin Reddy and Robert Huebner and Benjamin A. Watson and Amitabh Varshney and Jonathan D. Cohen},
    Year                    ={2003},
    Publisher               ={Morgan Kaufmann}
}

@article{lod1,
    Title =         {Simplification of 3D Triangular Mesh for Level of Detail Computation},
    Author =        {Kok-Why Ng and Zhi-Wen Low},
    Journal =       {2014 11th International Conference on Computer Graphics, Imaging and Visualization},
    Year =          {2014}
}

@article{lod2,
    Title =         {The Edge Collapse Algorithm Based on the Batched Iteration in Mesh Simplification},
    Author =        {Guanlong Li and Wendong Wang and Guohong Ding and Yanming Zou and Kongqiao Wang},
    Journal =       {2012 IEEE/ACIS 11th International Conference on Computer and Information Science},
    Year =          {2012}
}

@article{lod3,
    Title =         {Fast Terrain Rendering Using Geometrical MipMapping},
    Author =        {Willem H. Boer},
    Journal =       {WWW 2000},
    Year =          {2000}
}

@article{lod4,
    Title =         {An Improved Discrete Level of Detail Model Through an Incremental Representation},
    Author =        {José Ribelles and Angeles López and Oscar Belmonte Fernández},
    Journal =       {Theory and Practice of Computer Graphics 2010, TPCG 2010 - Eurographics UK Chapter Proceedings},
    Year =          {2010}
}